@misc{test,
  title  = {test},
  author = {test},
  year   = {2020},
  url    = {https://www.test.com}
}
